@article{knight2015playing,
  title={Playing games: A case study in active learning applied to game theory},
  author={Knight, Vincent},
  journal={MSOR Connections},
  volume={14},
  number={1},
  pages={28--38},
  year={2015}
}

@book{maschler2020game,
  title={Game theory},
  author={Maschler, Michael and Zamir, Shmuel and Solan, Eilon},
  year={2020},
  publisher={Cambridge University Press}
}

@article{mauersberger2020bounded,
  title={Bounded rationality in Keynesian beauty contests: a lesson for central bankers?},
  author={Mauersberger, Felix and Nagel, Rosemarie and B{\"u}hren, Christoph},
  journal={Economics},
  volume={14},
  number={1},
  pages={20200016},
  year={2020},
  publisher={De Gruyter}
}

@article{lind1983,
author = {Petzold, Linda},
title = {Automatic Selection of Methods for Solving Stiff and Nonstiff Systems of Ordinary Differential Equations},
journal = {SIAM Journal on Scientific and Statistical Computing},
volume = {4},
number = {1},
pages = {136-148},
year = {1983},
doi = {10.1137/0904010}
}

@ARTICLE{scipy2020,
  author  = {Virtanen, Pauli and Gommers, Ralf and Oliphant, Travis E. and
            Haberland, Matt and Reddy, Tyler and Cournapeau, David and
            Burovski, Evgeni and Peterson, Pearu and Weckesser, Warren and
            Bright, Jonathan and {van der Walt}, St{\'e}fan J. and
            Brett, Matthew and Wilson, Joshua and Millman, K. Jarrod and
            Mayorov, Nikolay and Nelson, Andrew R. J. and Jones, Eric and
            Kern, Robert and Larson, Eric and Carey, C J and
            Polat, {\.I}lhan and Feng, Yu and Moore, Eric W. and
            {VanderPlas}, Jake and Laxalde, Denis and Perktold, Josef and
            Cimrman, Robert and Henriksen, Ian and Quintero, E. A. and
            Harris, Charles R. and Archibald, Anne M. and
            Ribeiro, Ant{\^o}nio H. and Pedregosa, Fabian and
            {van Mulbregt}, Paul and {SciPy 1.0 Contributors}},
  title   = {{{SciPy} 1.0: Fundamental Algorithms for Scientific
            Computing in Python}},
  journal = {Nature Methods},
  year    = {2020},
  volume  = {17},
  pages   = {261--272},
  adsurl  = {https://rdcu.be/b08Wh},
  doi     = {10.1038/s41592-019-0686-2},
}
